<?xml version="1.0" encoding="UTF-8"?><record xmlns="http://www.loc.gov/MARC21/slim" xmlns:cinclude="http://apache.org/cocoon/include/1.0" xmlns:zs="http://www.loc.gov/zing/srw/">
  <leader>00454nz  a2200133n  4500</leader>
  <controlfield tag="001">n  85178705 </controlfield>
  <controlfield tag="003">DLC</controlfield>
  <controlfield tag="005">19851029055250.2</controlfield>
  <controlfield tag="008">850904n| acannaab|          |a aaa |||  </controlfield>
  <datafield tag="010" ind1=" " ind2=" ">
    <subfield code="a">n  85178705 </subfield>
  </datafield>
  <datafield tag="040" ind1=" " ind2=" ">
    <subfield code="a">DLC</subfield>
    <subfield code="c">DLC</subfield>
  </datafield>
  <datafield tag="100" ind1="1" ind2="0">
    <subfield code="a">Alekseev, V. N.</subfield>
    <subfield code="q">(Vitaliĭ Nikolaevich)</subfield>
  </datafield>
  <datafield tag="400" ind1="1" ind2="0">
    <subfield code="a">Alekseev, Vitaliĭ Nikolaevich</subfield>
  </datafield>
  <datafield tag="670" ind1=" " ind2=" ">
    <subfield code="a">Mnogot︠s︡elevye sistemy ChPU gibkoĭ mekhanoobrabotkoĭ, 1984:</subfield>
    <subfield code="b">verso t.p. (V. N. Alekseev, Vitaliĭ Nikolaevich Alekseev)</subfield>
  </datafield>
</record>